@inproceedings{mclaughlinrevisiting,
  title={{Revisiting Edge and Node Parallelism for Dynamic {GPU} Graph Analytics}},
  author={A. McLaughlin and D. Bader},
booktitle={{IEEE International Parallel and Distributed Processing Symposium Workshops (IPDPSW)}},
	year={2014},
	pages={1396-1406},
}

@inproceedings{mclaughlinscalable,
  title={{Scalable and High Performance Betweenness Centrality on the {GPU}}},
  author={A. McLaughlin and D. Bader},
  year      = {2014},
  booktitle={ACM/IEEE Conference on Supercomputing} ,
	pages={572-583},
  }

@INPROCEEDINGS{MadduriBaderFirst, 
author={D. Bader and K. Madduri}, 
booktitle={International Conference on Parallel Processing (ICPP)}, 
title={Parallel Algorithms for Evaluating Centrality Indices in Real-world Networks}, 
year={2006}, 
}


@INPROCEEDINGS{MadduriBaderParallel,
author={K. Madduri and D. Ediger. and K. Jiang and D. Bader and Chavarria-Miranda, D.},
booktitle={IEEE International Symposium on Parallel and Distributed Processing (IPDPS)},
year={2009},
title={{A Faster Parallel Algorithm and Efficient Multithreaded Implementations for Evaluating Betweenness Centrality on Massive Datasets}},
}


@INPROCEEDINGS {BaderApproxBC,
   author = {D. Bader and S. Kintali and K. Madduri and M. Mihail},
   affiliation = {College of Computing, Georgia Institute of Technology},
   title = {Approximating Betweenness Centrality},
   booktitle = {Algorithms and Models for the Web-Graph},
   series = {Lecture Notes in Computer Science},
   pages = {124-137},
   year = {2007},
}


@INPROCEEDINGS{BaderMassive,
author={D. Ediger. and K. Jiang and J. Riedy and D. Bader and C. Corley and R. Farber and W.N. Reynolds},
booktitle={39th International Conference on Parallel Processing (ICPP)},
title={{Massive Social Network Analysis: Mining {Twitter} for Social Good}},
year={2010},
month={{Sept.}},
pages={583 -593},
}



@INPROCEEDINGS{EdigerBader,
author={D. Ediger. and J. Riedy and D. Bader and H. Meyerhenke},
booktitle={IEEE International Symposium on Parallel and Distributed Processing Workshops and Phd Forum (IPDPSW)},
title={{Tracking Structure of Streaming Social Networks}},
year={2011},
pages={1691 -1699},
}


@Proceedings{dimacs10proceedings,
  title =        {Graph Partitioning and Graph Clustering. 10th DIMACS
                  Implementation Challenge Workshop},
  year =         2013,
  editor =       {D. A. Bader and H. Meyerhenke and P. Sanders and D. Wagner},
  number =       588,
  series =       {Contemporary Mathematics},
}

@inproceedings{ediger2010massive,
  title={{Massive Streaming Data Analytics: A Case Study with Clustering Coefficients}},
  author={D. Ediger. and K. Jiang and J. Riedy and D. Bader},
  booktitle={IEEE International Symposium on Parallel \& Distributed Processing, Workshops and Phd Forum (IPDPSW)},
  pages={1--8},
  year={2010},
} 

@techreport{stinger-tr,
 author       = {D. Bader and J. Berry and A.
                 Amos-Binks and D. {Chavarr{\'\i}a-Miranda} and
                 C. Hastings and K. Madduri and S.C. Poulos},
 title        = {{STINGER}: {S}patio-{T}emporal {I}nteraction {N}etworks and {G}raphs ({STING}) {E}xtensible {R}epresentation},
 institution  = {Georgia Institute of Technology},
 year 	       = {2009},
}



@inproceedings{stinger-inserts,
   author    = {D. Ediger and R. McColl and J. Riedy and D.A. Bader},
   title     = {{STINGER: High Performance Data Structure for Streaming Graphs}},
   booktitle = {IEEE High Performance Embedded Computing Workshop ({HPEC 2012})},
   year      = {2012},
   pages={1--5},
   address   = {Waltham, MA},
}


@book{bader2013graph,
  title={{10th DIMACS Implementation Challenge on Graph Partitioning and Graph Clustering}},
  author={D. Bader and H. Meyerhenke and P.Sanders and D. Wagner},
  volume={588},
  year={2013},
  journal={{10th DIMACS Implementation Challenge Workshop}},
  publisher={American Mathematical Society}
}

@incollection{riedy2012parallel,
  title={{Parallel Community Detection for Massive Graphs}},
  author={J. Riedy and H. Meyerhenke and D. Ediger and D. Bader},
  booktitle={Parallel Processing and Applied Mathematics},
  pages={286--296},
  year={2012},
  publisher={Springer}
}

@article{edigerinvestigating,
author={D. Ediger and D. Bader},
booktitle={International Parallel and Distributed Processing Symposium Workshops},
  title={{Investigating Graph Algorithms in the BSP Model on the Cray XMT}},
year={2012},
month={{May}},
}

@inproceedings{bader2006designing,
  title={{Designing multithreaded algorithms for breadth-first search and st-connectivity on the Cray MTA-2}},
  author={D. Bader and K. Madduri},
  booktitle={International Conference on Parallel Processing},
  pages={523--530},
  year={2006},
}


@inproceedings{mccoll2014performance,
  title={{A Performance Evaluation of Open Source Graph Databases}},
  author={R. McColl and D. Ediger and J. Poovey and D. Campbell and D. Bader},
  booktitle={ACM Workshop on Parallel Programming for Analytics Applications (PPAA)},
  pages={11--18},
  year={2014},
}

@inproceedings{bader2008snap,
  title={{SNAP, Small-world Network Analysis and Partitioning: an open-source parallel graph framework for the exploration of large-scale networks}},
  author={D. Bader and K. Madduri},
  booktitle={IEEE International Symposium on Parallel and Distributed Processing (IPDPS)},
  url    = "http://trac.research.cc.gatech.edu/graphs/",

  pages={1--12},
  year={2008},
}


@article{ediger2012graphct,
  title={{GraphCT}: Multithreaded algorithms for massive graph analysis},
  author={D. Ediger and K. Jiang and J. Riedy and D. Bader},
  year={2012},
  publisher={IEEE}
}


@article{ediger2013graphct, 
author={D. Ediger. and K. Jiang and J. Riedy and Bader, D.}, 
journal={IEEE Transactions on Parallel and Distributed Systems}, 
title={{GraphCT}: Multithreaded Algorithms for Massive Graph Analysis}, 
year={2012}, 
volume={PP}, 
number={99}, 
pages={1-1}, 
}

@UNPUBLISHED{umbcpres,
  author = {D.A. Bader and J. McCloskey},
  title = {Modularity and Graph Algorithms},
  note = {Presented at UMBC},
  month = sep,
  year = {2009},
  optauthor = {David A. Bader and Joe McCloskey}
}

@Misc{dimacs10-site,
  title        = {10th {DIMACS} {I}mplementation {C}hallenge -- {G}raph {P}artitioning and {G}raph {C}lustering},
  note         = {Data sets available through \url{http://www.cc.gatech.edu/dimacs10/downloads.shtml}},
  key       = {DIMACS},
  month        = feb,
  year         = 2012,
}


@InCollection{icassp2012-stinger,
  author       = {J. Riedy and H. Meyerhenke and D.Bader and D. Ediger and T. G. Mattson},
  booktitle    = {{IEEE} International Conference on Acoustics, Speech
                  and Signal Processing ({ICASSP})},
  title        = {{Analysis of Streaming Social Networks and Graphs on
                  Multicore Architectures}},
  year         = {2012},
  month        = mar,
  dom        = 29,
  address      = {Kyoto, Japan},
}


@InProceedings{mtaap12riedy,
  author       = {E. Jason Riedy and David A. Bader and Henning
                  Meyerhenke},
  title        = {Scalable Multi-threaded Community Detection in
                  Social Networks},
  booktitle    = {6th Workshop on Multithreaded Architectures and
                  Applications (MTAAP)},
  year         = 2012,
  month        = may,
}


@inproceedings{bader2007fftc,
  title={{FFTC: Fastest Fourier Transform for the IBM Cell Broadband Engine}},
  author={D. Bader and V. Agarwal},
  booktitle={International Conference on High-Performance Computing},
  pages={172--184},
  year={2007},
  organization={Springer}
}


@inproceedings{bader2007design,
  title={{On the Design and Analysis of Irregular Algorithms on the Cell Processor: A Case Study of List Ranking}},
  author={D. Bader and V. Agarwal and K. Madduri}, 
 booktitle={2007 IEEE International Parallel and Distributed Processing Symposium},
  pages={1--10},
  year={2007},
  organization={IEEE}
}

@inproceedings{bader2005architectural,
  title={{On the Architectural Requirements for Efficient Execution of Graph Algorithms}},
  author={D. Bader and G. Cong and Feo, John},
  booktitle={International Conference on Parallel Processing (ICPP'05)},
  pages={547--556},
  year={2005},
  organization={IEEE}
}

@article{zakrzewska2016tracking,
  title={{Tracking Local Communities in Streaming Graphs with a Dynamic Algorithm}},
  author={Zakrzewska, Anita and Bader, David A},
  journal={Social Network Analysis and Mining},
  volume={6},
  number={1},
  pages={65},
  year={2016},
  publisher={Springer}
}
