@phdthesis{green2014thesis,
  title={High performance computing for irregular algorithms and applications with an emphasis on big data analytics},
  author={Green, Oded},
  year={2014},
  school={Georgia Institute of Technology}
}

@inproceedings{odeh2012merge,
  title={{Merge Path-Parallel Merging Made Simple}},
  author={Odeh, S. and O. Green and Mwassi, Z. and Shmueli, O. and Birk, Y.},
  booktitle={IEEE 26th International Parallel and Distributed Processing Symposium Workshops \& PhD Forum (IPDPSW)},
  pages={1611--1618},
  year={2012},
}

@inproceedings{green2012gpu,
  title={{GPU Merge Path: A GPU Merging Algorithm}},
  author={O. Green and R. McColl and D. Bader.},
  booktitle={26th ACM International Conference on Supercomputing},
  pages={331--340},
  year={2012},
}



@inproceedings{GreenStreaming,
 author = {O. Green and R. McColl and D. Bader},
 title = {{A Fast Algorithm For Streaming Betweenness Centrality}},
 booktitle = {4th ASE/IEEE International Conference on Social Computing (SocialCom)},
 year = {2012},
 location = {Amsterdam, The Netherlands},
}


@inproceedings{mccollscc,
  title={{Parallel Streaming Connected Components Using Parent-Neighbor Subgraphs}},
  author={R. McColl and O. Green and D. Bader.},
  booktitle={IEEE International Conference on High Performance Computing},
  year={2013},
}

@inproceedings{greenScheduling,
  title={Scheduling Directives for Shared-Memory Many-Core Processor Systems},
  author={O. Green and Birk, Y.},
  booktitle={Workshop on Programming Models and Applications for Multicores and Manycores (PMAM)},
  year={2013},

}


@ARTICLE{GreenCovArXiv,
   author = {{Green}, O. and {David}, L. and {Galperin}, A. and {Birk}, Y.
  },
    title = {Efficient Parallel Computation of the Estimated Covariance Matrix},
  journal = {ArXiv e-prints},
archivePrefix = "arXiv",
   eprint = {1303.2285},
 keywords = {Computer Science - Data Structures and Algorithms, Computer Science - Discrete Mathematics, B.3.2, D.1.3, F.2.1},
     year = 2013,
    month = mar,
}

@INPROCEEDINGS{MergePath,
author={S. Odeh and O. Green and Z. Mwassi and O. Shmueli and Y. Birk},
booktitle={IEEE International Parallel and Distributed Processing Symposium Workshops (IPDPSW)},
title={Merge Path - Parallel Merging Made Simple},
year={2012},
month={may},
}

@techreport{MPTR2012,
author={S. Odeh and O. Green and Z. Mwassi and O. Shmueli and Y. Birk},
   title = {Merge Path - Cache-Efficient Parallel Merge and Sort},
   institution = {CCIT Report No. 802, EE Pub. No. 1759, Electrical Engr. Dept., Technion, Israel},
   month = {Jan.},
   year = {2012},
}



@inproceedings{david2010efficient,
  title={{Efficient Parallel Computation of the Estimated Covariance Matrix}},
  author={L. David and A. Galperin and O. Green and Y. Birk},
  booktitle={IEEE 26th Convention of Electrical and Electronics Engineers in Israel } ,
  year={2010},
}

@article{green2013efficient,
  title={{Efficient Parallel Computation of the Estimated Covariance Matrix}},
  author={O. Green and L. David and A. Galperin  and Y. Birk},
  journal={arXiv preprint arXiv:1303.2285},
  year={2013}
}

@inproceedings{GreenVCCC,
 author = {O. Green and D. Bader},
 title = {{Faster Clustering Coefficients Using Vertex Covers}},
 booktitle = {5th ASE/IEEE International Conference on Social Computing},
 series = {SocialCom},
 year = {2013},
 location = {Washington DC},
}



@article{senator2013detecting,
  title={{Detecting Insider Threats in a Real Corporate Database of Computer Usage Activity}},
  author={Senator, Ted E and Henry, G and Goldberg, Alex Memory and Young, William T and Rees, Brad and Pierce, Robert and Huang, Daniel and Reardon, Matthew and Lee, Jay-Yoon and Koutra, Danai and others},
  booktitle={{ACM SIGKDD International Conference on Knowledge Discovery and Data Mining}},
  year={2013}
}


@inproceedings{green2013computationally,
  title={{A Computationally Efficient Algorithm for the 2D Covariance Method}},
  author={O. Green and Birk, Yitzhak},
  booktitle={ACM/IEEE International Conference forHigh Performance Computing, Networking, Storage and Analysis (SC), },
  pages={1--12},
  year={2013},
}


@inproceedings{green2013faster,
  title={{Faster Betweenness Centrality Based on Data Structure Experimentation}},
  author={O. Green and D. Bader},
  booktitle={International Conference on Computational Science (ICCS)},
  year={2013},
  publisher={Elsevier}
}

@inproceedings{GreenPARCC,
 author = {O. Green and L.M. Munguia and D. Bader},
 title = {{Load Balanced Clustering Coefficients}},
 booktitle = {ACM Workshop on Parallel Programming for Analytics Applications (PPAA)},
year={2014},
month={{Feb.}}
}

@inproceedings{greenmerge2014,
  title={{Merge Path - a Visually Intuitive Approach to Parallel Merging}},
  author={O. Green and S. Odeh and Birk, Y.},
}


@inproceedings{green2014fast,
  title={{Fast Triangle Counting on the {GPU}}},
  author={O. Green and P. Yalamanchili and L.M. Mungu{\'\i}a},
  booktitle={IEEE Fourth Workshop on Irregular Applications: Architectures and Algorithms},
  pages={1--8},
  year={2014},
}

@inproceedings{green2014merging,
  title={{When Merging and Branch Predictors Collide}},
  author={O. Green},
  booktitle={IEEE Fourth Workshop on Irregular Applications: Architectures and Algorithms},
  pages={33--40},
  year={2014},
}


@article{MergePathExtended,
author    = {O. Green and
               S. Odeh and
               Y. Birk},
  title     = {{Merge Path - A Visually Intuitive Approach to Parallel Merging}},
  journal   = {CoRR},
  volume    = {abs/1406.2628},
  year      = {2014},
  ee        = {http://arxiv.org/abs/1406.2628},
}


@article{green2014branchavoidingarxiv,
  title={{Branch-Avoiding Graph Algorithms}},
  author={O. Green and M. Dukhan and R. Vuduc},
  journal={arXiv preprint arXiv:1411.1460},
  year={2014}
}


@inproceedings{greenbranchavoiding,
  author={O. Green and M. Dukhan and R. Vuduc},
 title = {{Branch-Avoiding Graph Algorithms}},
 booktitle = {27th ACM on Symposium on Parallelism in Algorithms and Architectures},
 year = {2015},
 pages = {212--223},
}


@inproceedings{green2016gpufiltering,
  title={{Efficient Scalable Median Filtering for the GPU}},
  author={O. Green},
  booktitle={Personal communication} ,
}

@inproceedings{green-custinger,
   author    = {O. Green and D.A. Bader},
   title     = {{cuSTINGER: Supporting Dynamic Graph Algorithms for GPUS}},
   booktitle = {IEEE Proc.\ High Performance Extreme Computing ({HPEC})},
   year      = {2016},
   address   = {Waltham, MA},
}

@inproceedings{green-fault-tolerant,
 author = {P. Sao and O. Green and C. Jain and R. Vuduc},
 title = {A Self-Correcting Connected Components Algorithm},
 booktitle = {ACM Workshop on Fault-Tolerance for HPC at Extreme Scale},
 series = {FTXS '16},
 year = {2016},
 location = {Kyoto, Japan},
 pages = {9--16},
}


@inproceedings{green2016increaseipc,
  title={{Increasing Instruction-Level Parallelism in Graph Analysis}},
  author={O. Green and J. Riedy and D.A. Bader},
}


@misc{custinger-repo,
  title = {{cuSTINGER Data Structure repository}},
  howpublished = "\url{https://github.com/cuStinger/cuStinger}",
  year = {2017},
}

@misc{custinger-algs-repo,
  title = {{cuSTINGER Data Algorithms repository}},
  howpublished = "\url{https://github.com/cuStinger/cuStingerAlg}",
  year = {2017},
}


@inproceedings{green-fast-exact-tri-counting,
  author={D. Makkar and D.A. Bader and O. Green},
 title = {{Exact and Parallel Triangle Counting in Streaming Graphs}},
 year = {Georgia Tech Technical Report},
}



@inproceedings{green-ktruss-hpec,
   author    = {O. Green and J. Fox  and  E. Kim and  F. Busato and  N. Bombieri and  K. Lakhotia and  S. Zhou and  S. Singapura and  H. Zeng and  R. Kannan and  V. Prasanna and  D. Bader},
   title     = {{Quickly Finding a Truss in a Haystack}},
   booktitle = {IEEE Proc.\ High Performance Extreme Computing ({HPEC})},
   year      = {2017},
   address   = {Waltham, MA},
}

@inproceedings{inproceedings,
author = {Makkar, Devavret and Bader, David and Green, Oded},
year = {2017},
month = {12},
pages = {},
title = {Exact and Parallel Triangle Counting in Dynamic Graphs},
doi = {10.1109/HiPC.2017.00011}
}

@inproceedings{zhou2017design,
  title={{Design and Implementation of Parallel PageRank on Multicore Platforms}},
  author={Zhou, Shijie and Lakhotia, Kartik and Singapura, Shreyas G and Zeng, Hanqing and Kannan, Rajgopal and Prasanna, Viktor K and Fox, James and Kim, Euna and Green, Oded and Bader, David A},
 booktitle = {IEEE Proc.\ High Performance Extreme Computing ({HPEC})},
 year      = {2017},
 address   = {Waltham, MA},

}


@misc{hornet-repo,
  title = {{Hornet Data Structure repository}},
  howpublished = "\url{https://github.com/hornet-gt/hornet}",
  year = {2017},
}

@inproceedings{green-hornet,
  author={F. Busato and O. Green and N. Bombieri and D.A. Bader},
 title = {{Hornet: An Efficient Data Structure for Dynamic Sparse Graphs and Matrices on GPUs}},
 booktitle = {IEEE Proc.\ High Performance Extreme Computing ({HPEC})},
 year      = {2018},
 address   = {Waltham, MA},

}

@inproceedings{tripathy-scaling-dynamic-bc,
 author={A. Tripathy and O. Green},
 title = {{Scaling Betweenness Centrality in Dynamic Graphs}},
 booktitle = {IEEE Proc.\ High Performance Extreme Computing ({HPEC})},
 year      = {2018},
 address   = {Waltham, MA},
}

@inproceedings{green-katz,
 author={A. van der Grinten and E. Bergamini and O. Green and H. Meyerhenke and D. Bader},
 title = {{Scalable Katz Ranking Computation in Large Dynamic Graphs}},
 booktitle = {European Symposium on Algorithms ({ESA})},
 year      = {2018},
 address   = {Helsinki, Finland},

}

@inproceedings{green-tri-lrb,
 author={O. Green and J. Fox and A. Tripathy and K. Gabert and E. Kim and X. An and K. Aatish and D. Bader},
 title = {{Logarithmic Radix Binning and Vectorized Triangle Counting}},
 booktitle = {IEEE Proc.\ High Performance Extreme Computing ({HPEC})},
 year      = {2018},
 address   = {Waltham, MA},
}


@inproceedings{green-tri-lrb-gpu,
 author={J. Fox and O. Green and K. Gabert and X. An and D. Bader},
 title = {{Fast and Adaptive List Intersections on the GPU}},
 booktitle = {IEEE Proc.\ High Performance Extreme Computing ({HPEC})},
 year      = {2018},
 address   = {Waltham, MA},
}


@inproceedings{green-vectorized-sort,
  title={{A Fast and Simple Approach to Merge and Merge Sorting using Wide Vector Instructions}},
  author={J. Watkins and O. Green},
  booktitle={IEEE Fourth Workshop on Irregular Applications: Architectures and Algorithms},
  year={2018},
  address = {Dallas, TX},
}


@inproceedings{green-kcore,
 author={A. Tripathy and F. Hohman and D.H. Chau and O. Green},
 title = {{Scaling Betweenness Centrality in Dynamic Graphs}},
 booktitle = {IEEE Proc.\ Big Data},
 year      = {2018},
 address   = {Seattle, WA},
}


@IEEEtranBSTCTL{IEEEexample:BSTcontrol,
  CTLdash_repeated_names = "no"
}


@article{solomonik2016betweenness,
  title={Betweenness Centrality is more Parallelizable than Dense Matrix Multiplication},
  author={Solomonik, Edgar and Besta, Maciej and Vella, Flavio and Hoefler, Torsten},
  journal={CoRR},
  year={2016}
}

@INPROCEEDINGS{bisson-update, 
author={M. Bisson and M. Fatica}, 
booktitle={2018 IEEE High Performance extreme Computing Conference (HPEC)}, 
title={Update on Static Graph Challenge on GPU}, 
year={2018}, 
pages={1-8}, 
month={Sep.},}

@INPROCEEDINGS{huang-2018, 
author={Y. Hu and H. Liu and H. H. Huang}, 
booktitle={2018 IEEE High Performance extreme Computing Conference (HPEC)}, 
title={High-Performance Triangle Counting on GPUs}, 
year={2018}, 
pages={1-5}, 
month={Sep.},}

@article{DBLP:journals/corr/BeamerAP15,
  author    = {Scott Beamer and
               Krste Asanovic and
               David A. Patterson},
  title     = {The {GAP} Benchmark Suite},
  journal   = {CoRR},
  volume    = {abs/1508.03619},
  year      = {2015},
  url       = {http://arxiv.org/abs/1508.03619},
  archivePrefix = {arXiv},
  eprint    = {1508.03619},
  timestamp = {Mon, 13 Aug 2018 16:46:47 +0200},
  biburl    = {https://dblp.org/rec/bib/journals/corr/BeamerAP15},
  bibsource = {dblp computer science bibliography, https://dblp.org}
}

@inproceedings{McColl:2014:PEO:2567634.2567638,
 author = {McColl, Robert Campbell and Ediger, David and Poovey, Jason and Campbell, Dan and Bader, David A.},
 title = {A Performance Evaluation of Open Source Graph Databases},
 booktitle = {Proceedings of the First Workshop on Parallel Programming for Analytics Applications},
 series = {PPAA '14},
 year = {2014},
 isbn = {978-1-4503-2654-4},
 location = {Orlando, Florida, USA},
 pages = {11--18},
 numpages = {8},
 url = {http://doi.acm.org/10.1145/2567634.2567638},
 doi = {10.1145/2567634.2567638},
 acmid = {2567638},
 publisher = {ACM},
 address = {New York, NY, USA},
 keywords = {graph algorithms, graph databases, relational databases},
} 
